@article{Dardha2017,
author = {Dardha, Ornela and Gorla, Daniele and Varacca, Daniele},
doi = {10.1093/comjnl/bxw080},
isbn = {9783642385919},
issn = {14602067},
journal = {Computer Journal},
month = {apr},
number = {5},
pages = {636--656},
publisher = {Oxford University Press},
title = {{Semantic Subtyping for Objects and Classes}},
volume = {60},
year = {2017}
}
