@unpublished {UD20,
  author = {Artem Usov and Ornela Dardha},
  title = {{SFJ}: {A}n implementation of {S}emantic {F}eatherweight {J}ava},
  year = {2020},
  note = {{On YouTube} \url{https://youtu.be/oTFIjm0A2O8} and on {Dardha's website} \url{http://www.dcs.gla.ac.uk/~ornela/publications/SFJ.mp4}}
}

@article{Dardha2017,
  author    = {Ornela Dardha and
               Daniele Gorla and
               Daniele Varacca},
  title     = {{S}emantic {S}ubtyping for {O}bjects and {C}lasses},
  journal   = {Comput. J.},
  volume    = {60},
  number    = {5},
  pages     = {636--656},
  year      = {2017},
  doi       = {10.1093/comjnl/bxw080},
  timestamp = {Wed, 14 Nov 2018 10:17:26 +0100},
  biburl    = {https://dblp.org/rec/journals/cj/DardhaGV17.bib},
  bibsource = {dblp computer science bibliography, https://dblp.org}
}

@inproceedings{Dardha2013,
  author    = {Ornela Dardha and
               Daniele Gorla and
               Daniele Varacca},
  title     = {{S}emantic {S}ubtyping for {O}bjects and {C}lasses},
  booktitle = {Proceedings of the International Conference on Formal Techniques for Distributed Systems, {FMOODS/FORTE}},
  series    = {LNCS},
  volume    = {7892},
  pages     = {66--82},
  publisher = {Springer},
  year      = {2013},
  doi       = {10.1007/978-3-642-38592-6\_6},
  timestamp = {Tue, 14 May 2019 10:00:50 +0200},
  biburl    = {https://dblp.org/rec/conf/forte/DardhaGV13.bib},
  bibsource = {dblp computer science bibliography, https://dblp.org}
}

@inproceedings{BC97,
  author    = {John Boyland and
               Giuseppe Castagna},
  title     = {Parasitic Methods: An Implementation of Multi-Methods for Java},
  booktitle = {Proceedings of the Conference on Object-Oriented
               Programming Systems, Languages {\&} Applications {OOPSLA}},
  pages     = {66--76},
  publisher = {{ACM}},
  year      = {1997},
  doi       = {10.1145/263698.263721},
  timestamp = {Tue, 06 Nov 2018 16:57:16 +0100},
  biburl    = {https://dblp.org/rec/conf/oopsla/BoylandC97.bib},
  bibsource = {dblp computer science bibliography, https://dblp.org}
}

@inproceedings{AL10,
  author    = {Davide Ancona and
               Giovanni Lagorio},
  title     = {Coinductive subtyping for abstract compilation of object-oriented
               languages into Horn formulas},
  booktitle = {Proceedings of the Symposium on Games, Automata, Logic, and Formal
               Verification, {GANDALF}},
  series    = {{EPTCS}},
  volume    = {25},
  pages     = {214--230},
  year      = {2010},
  doi       = {10.4204/EPTCS.25.20},
  timestamp = {Wed, 12 Sep 2018 01:05:15 +0200},
  biburl    = {https://dblp.org/rec/journals/corr/abs-1006-1413.bib},
  bibsource = {dblp computer science bibliography, https://dblp.org}
}

@inproceedings{BRABR14,
  author    = {Marcello M. Bonsangue and
               Jurriaan Rot and
               Davide Ancona and
               Frank S. de Boer and
               Jan J. M. M. Rutten},
  title     = {A Coalgebraic Foundation for Coinductive Union Types},
  booktitle = {Proceedings of the International Colloquium on Automata, Languages, and Programming, {ICALP}},
  series    = {LNCS},
  volume    = {8573},
  pages     = {62--73},
  publisher = {Springer},
  year      = {2014},
  doi       = {10.1007/978-3-662-43951-7\_6},
  timestamp = {Sat, 19 Oct 2019 20:37:18 +0200},
  biburl    = {https://dblp.org/rec/conf/icalp/BonsangueRABR14.bib},
  bibsource = {dblp computer science bibliography, https://dblp.org}
}

@article{Pearce19,
  author    = {David J. Pearce},
  title     = {On declarative rewriting for sound and complete union, intersection
               and negation types},
  journal   = {J. Comput. Lang.},
  volume    = {50},
  pages     = {84--101},
  year      = {2019},
  doi       = {10.1016/j.jvlc.2018.10.004},
  timestamp = {Wed, 08 Jan 2020 08:48:56 +0100},
  biburl    = {https://dblp.org/rec/journals/vlc/Pearce19.bib},
  bibsource = {dblp computer science bibliography, https://dblp.org}
}

@inproceedings{Pearce13,
  author    = {David J. Pearce},
  editor    = {Roberto Giacobazzi and
               Josh Berdine and
               Isabella Mastroeni},
  title     = {Sound and Complete Flow Typing with Unions, Intersections and Negations},
  booktitle = {Proceedings of the International Conference on Verification, Model Checking, and Abstract Interpretation, {VMCAI}},
  series    = {LNCS},
  volume    = {7737},
  pages     = {335--354},
  publisher = {Springer},
  year      = {2013},
  doi       = {10.1007/978-3-642-35873-9\_21},
  timestamp = {Tue, 14 May 2019 10:00:43 +0200},
  biburl    = {https://dblp.org/rec/conf/vmcai/Pearce13.bib},
  bibsource = {dblp computer science bibliography, https://dblp.org}
}


@article{featherweight,
 author = {Igarashi, Atsushi and Pierce, Benjamin C. and Wadler, Philip},
 title = {Featherweight Java: a minimal core calculus for Java and GJ},
 journal = {ACM Trans. Program. Lang. Syst.},
 volume = {23},
 number = {3},
 year = {2001},
 issn = {0164-0925},
 pages = {396--450},
 doi = {10.1145/503502.503505},
 publisher = {ACM},
 address = {New York, NY, USA},
 }


@book{AGH06,
   author =	 {Arnold, Ken and Gosling, James and Holmes, David},
   title = 	 {Il linguaggio Java, Manuale ufficiale},
   publisher = 	 {Pearson Education},
   year = 	 2006
 }


@inproceedings{Aiken,
 author = {Aiken, Alexander and Wimmers, Edward L.},
 title = {Type inclusion constraints and type inference},
 booktitle = {Proceedings of the conference on {F}unctional {P}rogramming {L}anguages and {C}omputer {A}rchitecture, {FPCA}},
 year = {1993},
 isbn = {0-89791-595-X},
 pages = {31--41},
 location = {Copenhagen, Denmark},
 doi = {10.1145/165180.165188},
 publisher = {ACM},
 address = {New York, NY, USA},
 }


@inproceedings{Damm,
 author = {Damm, Flemming M.},
 title = {Subtyping with Union Types, Intersection Types and Recursive Types},
 booktitle = {Proceedings of the International Conference on Theoretical Aspects of Computer Software, {TACS}},
 year = {1994},
 isbn = {3-540-57887-0},
 pages = {687--706},
 publisher = {Springer-Verlag},
 address = {London, UK},
 }


@article{FCB08,
 author = {Frisch, Alain and Castagna, Giuseppe and Benzaken, V\'{e}ronique},
 title = {Semantic subtyping: Dealing set-theoretically with function, union, intersection, and negation types},
 journal = {J. ACM},
 volume = {55},
 number = {4},
 year = {2008},
 issn = {0004-5411},
 pages = {1--64},
 doi = {10.1145/1391289.1391293},
 publisher = {ACM},
 address = {New York, NY, USA},
 }

@inproceedings{Cas05,
  author    = {Castagna, Giuseppe},
  title     = {Semantic Subtyping: Challenges, Perspectives, and Open Problems},
  booktitle = {ICTCS},
  year      = {2005},
  pages     = {1-20},
  ee        = {http://dx.doi.org/10.1007/11560586_1},
  bibsource = {DBLP, http://dblp.uni-trier.de}
}


@book{milner,
 author = {Milner, Robin},
 title = {Communicating and mobile systems: the $\pi-$calculus},
 year = {1999},
 isbn = {0-521-65869-1},
 publisher = {Cambridge University Press},
 address = {New York, NY, USA},
 }

@book{sangiorgi,
	author = {Sangiorgi, Davide and Walker, David},
	title = {The Pi-Calculus: A Theory of Mobile Processes},
	year = {2003},
	publisher = {Cambridge University Press},
	address = {New York, NY, USA},
 }


@article{Cpi,
 author = {Castagna, Giuseppe and Nicola, Rocco De and Varacca, Daniele},
 title = {Semantic subtyping for the pi-calculus},
 journal = {Theor. Comput. Sci.},
 volume = {398},
 number = {1-3},
 year = {2008},
 issn = {0304-3975},
 pages = {217--242},
 doi = {10.1016/j.tcs.2008.01.049},
 publisher = {Elsevier Science Publishers Ltd.},
 address = {Essex, UK},
 }


@inproceedings{Whiteoak,
 author = {Gil, Joseph and Maman, Itay},
 title = {Whiteoak: introducing structural typing into java},
 booktitle = {Proceedings of the Conference on Object-Oriented
               Programming Systems, Languages {\&} Applications {OOPSLA}},
 year = {2008},
 isbn = {978-1-60558-215-3},
 pages = {73--90},
 location = {Nashville, TN, USA},
 doi = {10.1145/1449764.1449771},
 publisher = {ACM},
 address = {New York, NY, USA},
 }


@inproceedings{Integrating,
 author = {Malayeri, Donna and Aldrich, Jonathan},
 title = {Integrating Nominal and Structural Subtyping},
 booktitle = {Proceedings of the European Conference on Object-Oriented Programming, {ECOOP}},
 year = {2008},
 isbn = {978-3-540-70591-8},
 pages = {260--284},
 location = {Paphos, Cypress},
 doi = {10.1007/978-3-540-70592-5\_12},
 publisher = {Springer-Verlag},
 address = {Berlin, Heidelberg},
 }


@inproceedings{Useful,
  author    = {Donna Malayeri and
               Jonathan Aldrich},
  title     = {Is Structural Subtyping Useful? An Empirical Study},
  booktitle = {Proceedings of the European Symposium on Programming {ESOP}},
  year      = {2009},
  pages     = {95-111},
  ee        = {http://dx.doi.org/10.1007/978-3-642-00590-9_8},
  bibsource = {DBLP, http://dblp.uni-trier.de}
}



@Manual{Ocaml,
	author = {Leroy, Xavier and Doligez, Damien and Garrigue, Jacques and R�my, Didier and Vouillon, J�r�me},
	title  ={The Objective Caml system, release 3.11},
	year = {2008},
	howpublished ={http://caml.inria.fr/distrib/ocaml-3.11/ocaml-3.11-refman.pdf}
}


@article{Polytoil,
 author = {Van Gent, Robert and Bruce, Kim B. and Schuett, Angela and Fiech, Adrian},
 title = {PolyTOIL: A type-safe polymorphic object-oriented language},
 journal = {ACM Trans. Program. Lang. Syst.},
 volume = {25},
 number = {2},
 year = {2003},
 issn = {0164-0925},
 pages = {225--290},
 doi = {10.1145/641888.641891},
 publisher = {ACM},
 address = {New York, NY, USA},
 }


@inproceedings{Moby,
 author = {Fisher, Kathleen and Reppy, John},
 title = {The design of a class mechanism for Moby},
 booktitle = {Proceedings of the conference on Programming language design and implementation {PLDI}},
 year = {1999},
 isbn = {1-58113-094-5},
 pages = {37--49},
 location = {Atlanta, Georgia, United States},
 doi = {10.1145/301618.301638},
 publisher = {ACM},
 address = {New York, NY, USA},
 }


@article{Strongtalk,
 author = {Bracha, Gilad and Griswold, David},
 title = {Strongtalk: typechecking Smalltalk in a production environment},
 journal = {SIGPLAN Not.},
 volume = {28},
 number = {10},
 year = {1993},
 issn = {0362-1340},
 pages = {215--230},
 doi = {10.1145/167962.165893},
 publisher = {ACM},
 address = {New York, NY, USA},
 }


@inproceedings{Cardelli,
 author = {Cardelli, Luca},
 title = {Structural subtyping and the notion of power type},
 booktitle = {Proceedings of the Symposium on Principles of Programming Languages, {POPL}},
 year = {1988},
 isbn = {0-89791-252-7},
 pages = {70--79},
 location = {San Diego, California, United States},
 doi = {10.1145/73560.73566},
 publisher = {ACM},
 address = {New York, NY, USA},
 }


@inproceedings{Amadio,
 author = {Amadio, Roberto M. and Cardelli, Luca},
 title = {Subtyping recursive types},
 booktitle = {Proceedings of the Symposium on Principles of Programming Languages, {POPL}},
 year = {1991},
 isbn = {0-89791-419-8},
 pages = {104--118},
 location = {Orlando, Florida, United States},
 doi = {10.1145/99583.99600},
 publisher = {ACM},
 address = {New York, NY, USA},
 }


@article{F-logic,
 author = {Kifer, Michael and Lausen, Georg},
 title = {F-logic: a higher-order language for reasoning about objects, inheritance, and scheme},
 journal = {SIGMOD Rec.},
 volume = {18},
 number = {2},
 year = {1989},
 issn = {0163-5808},
 pages = {134--146},
 doi = {10.1145/66926.66939},
 publisher = {ACM},
 address = {New York, NY, USA},
 }


@book{barendregt,
  author =	 {Barendregt, Henk P.},
 	title = 	 {The Lambda Calculus: Its Syntax And Semantics},
  publisher = 	 {North-holland},
  year = 	 1984
 }


@inproceedings{Abadi94atheory,
 author = {Abadi, Mart�n and Cardelli, Luca},
 title = {A Theory of Primitive Objects - Untyped and First-Order Systems},
 booktitle = {Proceedings of the International Conference on Theoretical Aspects of Computer Software, {TACS}},
 year = {1994},
 isbn = {3-540-57887-0},
 pages = {296--320},
 publisher = {Springer-Verlag},
 address = {London, UK},
 }


@article{XML1,
 author = {Hosoya, Haruo and Pierce, Benjamin C.},
 title = {Regular expression pattern matching for XML},
 journal = {SIGPLAN Not.},
 volume = {36},
 number = {3},
 year = {2001},
 issn = {0362-1340},
 pages = {67--80},
 doi = {10.1145/373243.360209},
 publisher = {ACM},
 address = {New York, NY, USA},
 }

@article{Hosoya2005,
 crossref = {XML2}
}

@article{XML2,
 author = {Hosoya, Haruo and Vouillon, Jerome and Pierce, Benjamin C.},
 title = {Regular expression types for XML},
 journal = {ACM Trans. Program. Lang. Syst.},
 volume = {27},
 number = {1},
 year = {2005},
 issn = {0164-0925},
 pages = {46--90},
 doi = {10.1145/1053468.1053470},
 publisher = {ACM},
 address = {New York, NY, USA},
 }


@article{Hosoya2003,
 crossref = {XML3}
}

@article{XML3,
 author = {Hosoya, Haruo and Pierce, Benjamin C.},
 title = {XDuce: A statically typed XML processing language},
 journal = {ACM Trans. Internet Technol.},
 volume = {3},
 number = {2},
 year = {2003},
 issn = {1533-5399},
 pages = {117--148},
 doi = {10.1145/767193.767195},
 publisher = {ACM},
 address = {New York, NY, USA},
 }

@article{Muehlboeck2018,
author = {Muehlboeck, Fabian and Tate, Ross},
doi = {10.1145/3276482},
issn = {2475-1421},
journal = {Proceedings of the Conference on Object-Oriented
          Programming Systems, Languages {\&} Applications {OOPSLA}},
pages = {1--29},
publisher = {ACM},
title = {{Empowering union and intersection types with integrated subtyping}},
volume = {2},
year = {2018}
}

@misc{Ceylon2016,
author = {King, Gavin},
year = {2016},
title = {{The Ceylon Language Specification, Version 1.3}},
url = {https://ceylon-lang.org/documentation/1.3/spec/},
urldate = {2020-02-27}
}

@article{Castagna2015,
  author = {Castagna, Giuseppe},
  pages = {1--23},
  title = {{Covariance and Contravariance : a fresh look at an old issue ( a primer in advanced type systems for learning functional programmers )}},
  year = {2015}
}

@article{Castagna1995,
  author = {Castagna, Giuseppe},
  doi = {10.1145/203095.203096},
  journal = {ACM Transactions on Programming Languages and Systems (TOPLAS)},
  number = {3},
  pages = {431--447},
  title = {{Covariance and Contravariance: Conflict without a Cause}},
  volume = {17},
  year = {1995}
}

@inproceedings{Igarashi2006,
  author = {Igarashi, Atsushi and Nagira, Hideshi},
  booktitle = {Proceedings of the ACM Symposium on Applied Computing},
  doi = {10.1145/1141277.1141610},
  pages = {1435--1441},
  title = {{Union types for object-oriented programming}},
  volume = {2},
  year = {2006}
}

@article{Igarashi1999,
  author = {Igarashi, Atsushi and Pierce, Benjamin and Wadler, Philip},
  doi = {10.1145/320385.320395},
  journal = {SIGPLAN Notices (ACM Special Interest Group on Programming Languages)},
  number = {10},
  pages = {132--146},
  publisher = {Association for Computing Machinery},
  title = {{Featherweight Java: A minimal core calculus for Java and GJ}},
  volume = {34},
  year = {1999}
}

@inproceedings{Castagna2005,
  author = {Castagna, Giuseppe and Frisch, Alain},
  booktitle = {Proceedings of the Conference on Principles and Practice of Declarative Programming, {PPDP}},
  doi = {10.1145/1069774.1069793},
  pages = {198--208},
  title = {{A gentle introduction to semantic subtyping}},
  volume = {2005},
  year = {2005}
}

@article{Frisch2002,
author = {Frisch, Alain and Castagna, Giuseppe and Benzaken, V{\'{e}}ronique},
doi = {10.1109/LICS.2002.1029823},
journal = {Proceedings-Symposium on Logic in Computer Science, {LICS}},
pages = {137--146},
title = {{Semantic subtyping}},
year = {2002}
}

@article{Frisch2008,
author = {Frisch, Alain and Castagna, Giuseppe and Benzaken, V{\'{e}}ronique},
doi = {10.1145/1391289.1391293},
journal = {Journal of the ACM},
publisher = {Association for Computing Machinery (ACM)},
title = {{Semantic subtyping: Dealing set-theoretically with function, union, intersection, and negation types}},
volume = {55},
year = {2008}
}

@article{Benzaken2003,
  author = {Benzaken, Veronique and Castagna, Giuseppe and Frisch, Alain},
  doi = {10.1145/944746.944711},
  journal = {ACM SIGPLAN Notices},
  pages = {51--63},
  publisher = {Association for Computing Machinery (ACM)},
  title = {{CDuce: An XML-centric general-purpose language}},
  volume = {38},
  year = {2003}
}

@book{Pierce2002,
  author = {Pierce, Benjamin},
  isbn = {9780262162098},
  publisher = {The MIT Press},
  title = {{Types and Programming Languages}},
  year = {2002}
}

@article{Castagna2008,
  author = {Castagna, Giuseppe and Nicola, Rocco De and Varacca, Daniele and {De Nicola}, Rocco and Varacca, Daniele and Coppo, Mario and Dezani-Ciancaglini, Mariangiola and Ronchi, Simona and Rocca, Della},
  doi = {10.1016/j.tcs.2008.01.049},
  journal = {Theoretical Computer Science},
  number = {1-3},
  pages = {217--242},
  title = {{Semantic subtyping for the pi-calculus}},
  volume = {398},
  year = {2008}
}


@inproceedings{Carre1990,
author = {Carr\'{e}, Bernard and Garnsworthy, Jonathan},
title = {SPARK — an Annotated Ada Subset for Safety-Critical Programming},
year = {1990},
publisher = {ACM},
doi = {10.1145/255471.255563},
booktitle = {Proceedings of the Conference on TRI-ADA ’90},
pages = {392–402},
numpages = {11},
}

@article{Ada1979,
  author = {Ichbiah, Jean D. and Krieg-Brueckner, Bernd and Wichmann, Brian A. and Barnes, John G. P. and Roubine, Olivier and Heliard, Jean-Claude},
  title = {Rationale for the Design of the Ada Programming Language},
  year = {1979},
  publisher = {ACM},
  volume = {14},
  number = {6b},
  doi = {10.1145/956653.956654},
  journal = {SIGPLAN Not.},
  pages = {1–261},
  numpages = {261}
}

@article{kremenek2008,
  title={Finding software bugs with the clang static analyzer},
  author={Kremenek, Ted},
  journal={Apple Inc},
  year={2008}
}

@inproceedings{grossman2002,
  title={Region-based memory management in Cyclone},
  author={Grossman, Dan and Morrisett, Greg and Jim, Trevor and Hicks, Michael and Wang, Yanling and Cheney, James},
  booktitle={Proceedings of the Conference on Programming language design and implementation, {PLDI}},
  pages={282--293},
  year={2002}
}

@book{parr2013,
  title={The definitive ANTLR 4 reference},
  author={Parr, Terence},
  year={2013},
  publisher={Pragmatic Bookshelf}
}

@article{wright1994,
  title={A syntactic approach to type soundness},
  author={Wright, Andrew K and Felleisen, Matthias},
  journal={Information and Computation},
  volume={115},
  number={1},
  pages={38--94},
  year={1994},
  publisher={Elsevier}
}

@article{Liskov1994,
  author = {Liskov, Barbara H. and Wing, Jeannette M.},
  title = {A Behavioral Notion of Subtyping},
  year = {1994},
  publisher = {Association for Computing Machinery},
  volume = {16},
  number = {6},
  doi = {10.1145/197320.197383},
  journal = {ACM Trans. Program. Lang. Syst.},
  pages = {1811–1841},
  numpages = {31},
}

@book{schach2007,
  title={Object-oriented and classical software engineering},
  author={Schach, Stephen R},
  volume={6},
  year={2007},
  publisher={McGraw-Hill New York}
}

@inproceedings{AnconaC16,
  author    = {Davide Ancona and
               Andrea Corradi},
  editor    = {Eelco Visser and
               Yannis Smaragdakis},
  title     = {Semantic subtyping for imperative object-oriented languages},
  booktitle = {Proceedings of the International Conference on
               Object-Oriented Programming, Systems, Languages, and Applications,
               {OOPSLA}},
  pages     = {568--587},
  publisher = {{ACM}},
  year      = {2016},
  doi       = {10.1145/2983990.2983992},
  timestamp = {Tue, 06 Nov 2018 16:57:16 +0100},
  biburl    = {https://dblp.org/rec/conf/oopsla/AnconaC16.bib},
  bibsource = {dblp computer science bibliography, https://dblp.org}
}

@article{ChaudhuriVGRL17,
  author    = {Avik Chaudhuri and
               Panagiotis Vekris and
               Sam Goldman and
               Marshall Roch and
               Gabriel Levi},
  title     = {Fast and precise type checking for JavaScript},
  journal   = {Proceedings of the International Conference on
               Object-Oriented Programming, Systems, Languages, and Applications,
               {OOPSLA}},
  volume    = {1},
  number    = {{OOPSLA}},
  pages     = {48:1--48:30},
  year      = {2017},
  doi       = {10.1145/3133872},
  timestamp = {Thu, 16 Apr 2020 13:51:54 +0200},
  biburl    = {https://dblp.org/rec/journals/pacmpl/ChaudhuriVGRL17.bib},
  bibsource = {dblp computer science bibliography, https://dblp.org}
}

@book{lindholm2013,
  title={The Java Virtual Machine Specification, Java SE 7 Edition: Java Virt Mach Spec Java\_3},
  author={Lindholm, Tim and Yellin, Frank and Bracha, Gilad and Buckley, Alex},
  year={2013},
  publisher={Addison-Wesley}
}
